<record><leader>00000cas a22000007a 4500</leader><controlfield tag="001">12485012</controlfield><controlfield tag="008">850903d189u19uualuwr ne      0    0eng d</controlfield><datafield ind1=" " ind2=" " tag="010"><subfield code="a">sn 85044933 </subfield></datafield><datafield ind1=" " ind2=" " tag="040"><subfield code="a">ALM</subfield><subfield code="b">eng</subfield><subfield code="c">ALM</subfield><subfield code="d">CPN</subfield><subfield code="d">OCLCQ</subfield></datafield><datafield ind1=" " ind2=" " tag="042"><subfield code="a">msc</subfield></datafield><datafield ind1="0" ind2="0" tag="245"><subfield code="a">Piedmont inquirer.</subfield></datafield><datafield ind1="1" ind2="3" tag="246"><subfield code="a">Inquirer</subfield></datafield><datafield ind1=" " ind2=" " tag="260"><subfield code="a">Piedmont, Ala. :</subfield><subfield code="b">A.W. Cummins &amp; Co.</subfield></datafield><datafield ind1=" " ind2=" " tag="300"><subfield code="a">v. :</subfield><subfield code="b">ill. ;</subfield><subfield code="c">62-64 cm.</subfield></datafield><datafield ind1=" " ind2=" " tag="310"><subfield code="a">Weekly</subfield></datafield><datafield ind1=" " ind2=" " tag="500"><subfield code="a">Editors: Robert McKee, &lt;-1892&gt;; J.C. Wickes, &lt;1892-1899&gt;; W.B. Witherspon, &lt;1899&gt; ; Robert R. Tomlin &lt;1899-1902&gt;; E.J. Stephens, &lt;1902&gt;.</subfield></datafield><datafield ind1=" " ind2=" " tag="588"><subfield code="a">Description based on: Vol. 1, no. 31 (Jan. 1, 1891).</subfield></datafield><datafield ind1=" " ind2=" " tag="752"><subfield code="a">United States</subfield><subfield code="b">Alabama</subfield><subfield code="c">Calhoun</subfield><subfield code="d">Piedmont.</subfield></datafield><datafield ind1="1" ind2=" " tag="029"><subfield code="a">AU@</subfield><subfield code="b">000025831777</subfield></datafield></record>